
@InBook{CLRS,
  author =       {T. Cormen and C. Leiserson and R. Rivest and C. Stein},
  title =        "Introduction to Algorithms",
  publisher =    "The MIT Press",
  year =         "2022",
  address =      "",
  edition =      "4th ed",
  pages =        "620-624",
  editor =       "",
  volume =       "",
  number =       "",
  series =       "",
  month =        "",
  note =         "",
}

@InBook{Buckland,
  author =       "M. Buckland",
  title =        "Programming Game AI by Example",
  publisher =    "Wordware Publishing",
  year =         "2005",
  address =      "",
  edition =      "",
  pages =        "241-247",
  editor =       "",
  volume =       "",
  number =       "",
  series =       "",
  month =        "",
  note =         "",
}

@article{HNR,
  author =      "P. Hart and N. Nilsson and B. Raphael",
  title =       "A Formal Basis for the Heuristic Determination of Minimum Cost Paths",
  journal =     {Transctions on systems science and cybernetics},
  volume =      "",
  number =      "",
  pages =       {100-107},
  year =        {1968},
  publisher =   {IEEE}
}